@book{wilson2009finite,
  title={The finite simple groups},
  author={Wilson, Robert},
  volume={251},
  year={2009},
  publisher={Springer Science \& Business Media}
}

@book{aschbacher1994sporadic,
  title={Sporadic groups},
  author={Aschbacher, Michael},
  number={104},
  year={1994},
  publisher={Cambridge University Press}
}

@book{robert1998twelve,
  title={Twelve sporadic groups},
  author={Robert Jr, L and others},
  year={1998},
  publisher={Springer Science \& Business Media}
}

@article{carter1985finite,
  title={Finite groups of {Lie} type: Conjugacy classes and complex characters},
  author={Carter, Roger William},
  journal={Pure Appl. Math.},
  volume={44},
  year={1985}
}

@misc{A,
key={atlas},
title={Atlas: Sporadic Groups},
howpublished={\url{http://brauer.maths.qmul.ac.uk/Atlas/v3/spor/}}
}

@misc{AM,
key={atlas},
title={Atlas: Monster Group {M}},
howpublished={\url{http://brauer.maths.qmul.ac.uk/Atlas/v3/spor/M/}}
}

@misc{ACo1,
key={atlas},
title={Atlas: {Conway} Group {Co1}},
howpublished={\url{http://brauer.maths.qmul.ac.uk/Atlas/v3/spor/Co1/}}
}

@misc{Wiki,
key={wiki},
title={List of Finite Simple Groups},
howpublished={\url{https://en.wikipedia.org/wiki/List_of_finite_simple_groups}}
}

@misc{group-object,
key={wiki},
title={Group object},
howpublished={\url{https://en.wikipedia.org/wiki/Group_object}}
}

@misc{L,
author={Lewis, Rob},
title={An Extensible Ad Hoc Interface between {Lean} and {Mathematica}},
howpublished={\url{https://arxiv.org/abs/1712.09288}}
}

@book{humphreys2012linear,
  title={Linear algebraic groups},
  author={Humphreys, James E},
  volume={21},
  year={2012},
  publisher={Springer Science \& Business Media}
}

@misc{Ga,
key={atlas},
title={Monstrous Moonshine: The first twenty-five years},
howpublished={\url{https://arxiv.org/abs/math/0402345}}
}

@misc{P,
key={math},
title={Presentation of the Monster Group},
howpublished={\url{https://mathoverflow.net/questions/142205/presentation-of-the-monster-group}}
}

@misc{VOA,
key={wiki},
title={Monster Vertex Algebra},
howpublished={\url{https://en.wikipedia.org/wiki/Monster_vertex_algebra}}
}

@misc{JNB,
author={Bray, John},
title={Sporadic ({Fischer-Griess}) Monster group {M} = {F1}},
howpublished={\url{http://www.maths.qmul.ac.uk/~jnb/web/Pres/Mnst.html}}
}

@misc{WA,
key={wiki},
title={Adjugate Matrix},
howpublished={\url{https://en.wikipedia.org/wiki/Adjugate_matrix}}
}




